@inproceedings{delporte2004weakest,
  title={The weakest failure detectors to solve certain fundamental problems in distributed computing},
  author={Delporte-Gallet, Carole and Fauconnier, Hugues and Guerraoui, Rachid and Hadzilacos, Vassos and Kouznetsov, Petr and Toueg, Sam},
  series={PODC'04},
  year={2004},
}

@article{chandra1996weakest,
  title={The weakest failure detector for solving consensus},
  author={Chandra, Tushar Deepak and Hadzilacos, Vassos and Toueg, Sam},
  journal={Journal of the ACM (JACM)},
  volume={43},
  number={4},
  pages={685--722},
  year={1996},
  publisher={ACM}
}

@article{delporte2003shared,
  title={Shared memory vs message passing},
  author={Delporte-Gallet, Carole and Fauconnier, Hugues and Guerraoui, Rachid},
  journal={Technical Report2003-77, EPFL Lausanne},
  year={2003},
}

@book{lo1994using,
  title={Using failure detectors to solve consensus in asynchronous shared-memory systems},
  author={Lo, Wai-Kau and Hadzilacos, Vassos},
  year={1994},
  publisher={Springer}
}

@article{fischer1985impossibility,
  title={Impossibility of distributed consensus with one faulty process},
  author={Fischer, Michael J and Lynch, Nancy A and Paterson, Michael S},
  journal={Journal of the ACM (JACM)},
  volume={32},
  number={2},
  pages={374--382},
  year={1985},
  publisher={ACM}
}

@article{chandra1996unreliable,
  title={Unreliable failure detectors for reliable distributed systems},
  author={Chandra, Tushar Deepak and Toueg, Sam},
  journal={Journal of the ACM (JACM)},
  volume={43},
  number={2},
  pages={225--267},
  year={1996},
  publisher={ACM}
}
